@article{li2005fingerprinting,
	title = {Fingerprinting relational databases: schemes and specialties},
	volume = {2},
	issn = {1545-5971, 1941-0018, 2160-9209},
	shorttitle = {Fingerprinting relational databases},
	_url = {http://ieeexplore.ieee.org/document/1416863/},
	doi = {10.1109/TDSC.2005.12},
	number = {1},
	journal = {Trans. on Dependable and Secure Computing},
	author = {Yingjiu Li and Swarup, V. and Jajodia, S.},
	_month = jan,
	year = {2005},
    _pages = {34--45},
    publisher = {IEEE},
}

@article{agrawal2003watermarking,
	title = {Watermarking {Relational} {Data}: {Framework}, {Algorithms} and {Analysis}},
	volume = {12},
	issn = {1066-8888},
	shorttitle = {Watermarking {Relational} {Data}},
	_url = {http://dx.doi.org/10.1007/s00778-003-0097-x},
	doi = {10.1007/s00778-003-0097-x},
    number = {2},
	journal = {The International Journal on Very Large Data Bases (VLDB)},
	author = {Agrawal, Rakesh and Haas, Peter J. and Kiernan, Jerry},
	_month = aug,
	year = {2003},
	keywords = {Database, Information hiding, Steganography, Watermarking},
	_pages = {157--169}
}

@Article{Kieseberg2014fingerprinting,
    author="Kieseberg, Peter and Schrittwieser, Sebastian and Mulazzani, Martin and Echizen, Isao and Weippl, Edgar",
    title="An algorithm for collusion-resistant anonymization and fingerprinting of sensitive microdata",
    journal="Electronic Markets",
    year="2014",
    _month="Jun",
    day="01",
    volume="24",
    number="2",
    _pages="113--124",
    issn="1422-8890",
    doi="10.1007/s12525-014-0154-x",
    _url="https://doi.org/10.1007/s12525-014-0154-x"
}
@misc{Dua:2019 ,
author = "Dua, Dheeru and Graff, Casey",
year = "2017",
title = "{UCI} Machine Learning Repository",
url = "http://archive.ics.uci.edu/ml",
institution = "University of California, Irvine, School of Information and Computer Sciences" }



@inproceedings{li_constructing_2003,
	address = {Washington, DC, USA},
	title = {Constructing a virtual primary key for fingerprinting relational data},
	isbn = {978-1-58113-786-6},
	_url = {http://portal.acm.org/citation.cfm?doid=947380.947398},
	doi = {10.1145/947380.947398},
	language = {en},
	urldate = {2020-01-04},
	booktitle = {{ACM} workshop on {Digital} rights management ({DRM})},
	publisher = {ACM Press},
	author = {Li, Yingjiu and Swarup, Vipin and Jajodia, Sushil},
	year = {2003},
	pages = {133--141},
	file = {Full Text:/home/rudi/Zotero/storage/46E74FJU/Li et al. - 2003 - Constructing a virtual primary key for fingerprint.pdf:application/pdf}
}

@techreport{10.5555/892073,
    author = {Bentley, Jon L},
    title = {A Survey of Techniques for Fixed Radius near Neighbor Searching.},
    year = {1975},
    publisher = {Stanford University},
    address = {Stanford, CA, USA}
}


@article{hamming_error_1950,
	title = {Error {Detecting} and {Error} {Correcting} {Codes}},
	volume = {29},
	issn = {00058580},
	_url = {http://ieeexplore.ieee.org/lpdocs/epic03/wrapper.htm?arnumber=6772729},
	doi = {10.1002/j.1538-7305.1950.tb00463.x},
	language = {en},
	number = {2},
	urldate = {2020-01-04},
	journal = {Bell System Technical Journal},
	author = {Hamming, R. W.},
	_month = apr,
	year = {1950},
	pages = {147--160},
	file = {Submitted Version:/home/rudi/Zotero/storage/RYXKUMDQ/Hamming - 1950 - Error Detecting and Error Correcting Codes.pdf:application/pdf}
}

@inproceedings{wang2008atbam,
	address = {Busan, Korea},
	title = {{ATBaM}: {An} {Arnold} {Transform} {Based} {Method} on {Watermarking} {Relational} {Data}},
	isbn = {978-0-7695-3134-2},
	shorttitle = {{ATBaM}},
	_url = {http://ieeexplore.ieee.org/document/4505733/},
	doi = {10.1109/MUE.2008.45},
	booktitle = {{International} {Conference} on {Multimedia} and {Ubiquitous} {Engineering} (MUE)},
	publisher = {IEEE},
	author = {Wang, Chaokun and Wang, Jianmin and Zhou, Ming and Chen, Guisheng and Li, Deyi},
	year = {2008},
	_pages = {263--270}
}


@inproceedings{hu2009image,
	address = {Zhangjiajie, Hunan, China},
	title = {An {Image} {Based} {Algorithm} for {Watermarking} {Relational} {Databases}},
	isbn = {978-0-7695-3583-8},
	_url = {http://ieeexplore.ieee.org/document/5203003/},
	doi = {10.1109/ICMTMA.2009.278},
	urldate = {2020-01-05},
	booktitle = {{International} {Conference} on {Measuring} {Technology} and {Mechatronics} {Automation}},
	publisher = {IEEE},
	author = {Hu, Zhongyan and Cao, Zaihui and Sun, Jianhua},
	year = {2009},
	_pages = {425--428}
}

@inproceedings{wang2008speech,
	address = {Moscow, Russia},
	title = {A {Speech} {Based} {Algorithm} for {Watermarking} {Relational} {Databases}},
	isbn = {978-0-7695-3151-9},
	_url = {http://ieeexplore.ieee.org/document/4554158/},
	doi = {10.1109/ISIP.2008.81},
	urldate = {2020-01-05},
	booktitle = {{International} {Symposiums} on {Information} {Processing}},
	publisher = {IEEE},
	author = {Wang, Haiqing and Cui, Xinchun and Cao, Zaihui},
	_month = may,
	year = {2008},
	_pages = {603--606}
}


@inproceedings{zhang2006relational_old,
  title={Relational databases watermark technique based on content characteristic},
  author={Zhang, Yong and Niu, Xiamu and Zhao, Dongning and Li, Juncao and Liu, Siming},
  booktitle={First International Conference on Innovative Computing, Information and Control-Volume I (ICICIC)},
  volume={3},
  _pages={677--680},
  year={2006},
  organization={IEEE}
}


@inproceedings{zhang2006relational,
	address = {Beijing, China},
	title = {Relational {Databases} {Watermark} {Technique} {Based} on {Content} {Characteristic}},
	_volume = {3},
	isbn = {978-0-7695-2616-4},
	_url = {http://ieeexplore.ieee.org/document/1692267/},
	doi = {10.1109/ICICIC.2006.503},
	booktitle = {First {International} {Conference} on {Innovative} {Computing}, {Information} and {Control} ({ICICIC})},
	publisher = {IEEE},
	author = {{Yong Zhang} and {Xiamu Niu} and {Dongning Zhao} and {Juncao Li} and {Siming Liu}},
	year = {2006},
	_pages = {677--680}
}


@incollection{liu2004block,
	_address = {Berlin, Heidelberg},
	title = {A {Block} {Oriented} {Fingerprinting} {Scheme} in {Relational} {Database}},
	_volume = {3506},
	isbn = {978-3-540-26226-8 978-3-540-32083-8},
	_url = {http://link.springer.com/10.1007/11496618_33},
	urldate = {2020-01-05},
	booktitle = {Information {Security} and {Cryptology} ({ICISC})},
	publisher = {Springer},
	author = {Liu, Siyuan and Wang, Shuhong and Deng, Robert H. and Shao, Weizhong},
	year = {2005},
	doi = {10.1007/11496618\_33},
	_pages = {455--466}
}

@inproceedings{guo2006fingerprinting_old,
  title={Fingerprinting relational databases},
  author={Guo, Fei and Wang, Jianmin and Li, Deyi},
    booktitle = {{ACM} {Symposium} on {Applied} {Computing} (SAC)},
  pages={487--492},
  year={2006},
  organization={ACM}
}


@inproceedings{guo2006fingerprinting,
	address = {Dijon, France},
	title = {Fingerprinting {Relational} {Databases}},
	isbn = {978-1-59593-108-5},
	_url = {http://doi.acm.org/10.1145/1141277.1141391},
	doi = {10.1145/1141277.1141391},
    booktitle = {{ACM} {Symposium} on {Applied} {Computing} (SAC)},
	publisher = {ACM},
	author = {Guo, Fei and Wang, Jianmin and Li, Deyi},
	year = {2006},
	_pages = {487--492}
}

@article{lafaye_watermill:_2008,
	title = {Watermill: {An} {Optimized} {Fingerprinting} {System} for {Databases} under {Constraints}},
	volume = {20},
	issn = {1041-4347, 1558-2191, 2326-3865},
	shorttitle = {Watermill},
	_url = {http://ieeexplore.ieee.org/document/4378379/},
	doi = {10.1109/TKDE.2007.190713},
    number = {4},
	journal = {IEEE Transactions on Knowledge and Data Engineering},
	author = {Lafaye, Julien and Gross-Amblard, David and Constantin, Camelia and Guerrouani, Meryem},
	_month = apr,
	year = {2008},
	_pages = {532--546},
}

@inproceedings{sion2004proving,
	address = {Boston, MA, USA},
	title = {Proving ownership over categorical data},
	isbn = {978-0-7695-2065-0},
	_url = {http://ieeexplore.ieee.org/document/1320029/},
	doi = {10.1109/ICDE.2004.1320029},
	booktitle = {Proceedings of the {International} {Conference} on {Data} {Engineering}},
	_publisher = {IEEE Computer Society},
	publisher = {IEEE},
	author = {Sion, Radu},
	_month = apr,
	year = {2004},
	_pages = {584--595},
}

@article{sion2004rights,
	title = {Rights protection for relational data},
	volume = {16},
	issn = {1041-4347},
	_url = {http://ieeexplore.ieee.org/document/1350762/},
	doi = {10.1109/TKDE.2004.94},
	number = {12},
	urldate = {2020-01-05},
	journal = {IEEE Transactions on Knowledge and Data Engineering},
	author = {Sion, R. and Atallah, M. and {Sunil Prabhakar}},
	_month = dec,
	year = {2004},
	_pages = {1509--1525}
}

@article{sweeney2002k,
  title={k-anonymity: A model for protecting privacy},
  author={Sweeney, Latanya},
  journal={International Journal of Uncertainty, Fuzziness and Knowledge-Based Systems},
  volume={10},
  number={5},
  _pages={557--570},
  year={2002},
  publisher={World Scientific}
}

@inproceedings{sarcevic19_fingerprinting,
  author = {Tanja \v{S}ar\v{c}evi\'{c} and Rudolf Mayer.},
  title = {An Evaluation on Robustness and Utility of Fingerprinting Schemes},
  booktitle = {Machine Learning and Knowledge Extraction: International Cross-Domain Conference ({CD-MAKE})},
  year = {2019},
  _month = {August 26-29},
  address = {Canterbury, United Kingdom},
  doi = {10.1007/978-3-030-29726-8\_14},
  _volume = {11713},
  _series = {LNCS},
  publisher = {Springer},
}
